@String{hopcroft = {John E. Hopcroft}}
@String{motwani = {Rajeev Motwani}}
@String{ullman = {Jeffrey D. Ullman}}
@String{awl = {Addison-Wesley}}

@book{ullman,
 title = {Introduction to Automata Theory, Languages and Computation},
 author = hopcroft # { and } # motwani # { and } # ullman,
 year = {2001},
 publisher = awl,
 address = {New York, NY, USA}
}

@String{vissani = {Ignacio Vissani}}
@String{lopezpombo = {Carlos Gustavo Lopez Pombo}}

@phdthesis{vissani:phdthesis,
	title = {Aspectos formales de un modelo de ejecuci√≥n orienteada a servicios},
	author = vissani,
	year = {2018}, 
	note = {Advisor: } # lopezpombo,
	Optaddress = {Pabell\'{o}n I, Ciudad Universitaria, Ciudad Aut\'{o}noma de Buenos Aires, Argentina (1428)},
	School = {Departamento de Computaci\'{o}n, Facultad de Ciencias Exactas y Naturales, Universidad de Buenos Aires}
} 
